%% This BibTeX bibliography file was created using BibDesk.
%% http://bibdesk.sourceforge.net/

%% Created for Kharbuja, Rajendra at 2015-07-31 10:06:21 +0200 


%% Saved with string encoding Unicode (UTF-8) 



@techreport{DanielPernici0601,
	Author = {Florian Daniel, Barbara Pernici},
	Date-Added = {2015-07-24 10:12:56 +0000},
	Date-Modified = {2015-07-24 10:15:23 +0000},
	Institution = {International Journal of E-Business Research},
	Keywords = {orchestration},
	Title = {Insights into Web Service Orchestration and Choreography},
	Year = {2008}}

@book{StellmanGreene1401,
	Author = {Andrew Stellman, Jennifer Greene},
	Date-Added = {2015-07-24 09:39:26 +0000},
	Date-Modified = {2015-07-24 09:42:55 +0000},
	Keywords = {Agile},
	Publisher = {O'Reilly Media, Inc.},
	Title = {Learning Agile},
	Year = {2014}}

@electronic{CMS0801,
	Author = {n.p},
	Date-Added = {2015-07-23 20:19:19 +0000},
	Date-Modified = {2015-07-23 21:34:04 +0000},
	Institution = {Center For Medicare and Medicaid Services},
	Month = {March},
	Title = {SELECTING A DEVELOPMENT APPROACH},
	Url = {http://www.cms.gov/Research-Statistics-Data-and-Systems/CMS-Information-Technology/XLC/Downloads/SelectingDevelopmentApproach.pdf},
	Year = {2008},
	Bdsk-Url-1 = {http://www.cms.gov/Research-Statistics-Data-and-Systems/CMS-Information-Technology/XLC/Downloads/SelectingDevelopmentApproach.pdf}}

@book{Newman1501,
	Author = {Sam Newman},
	Date-Added = {2015-07-23 14:09:56 +0000},
	Date-Modified = {2015-07-23 14:11:04 +0000},
	Publisher = {O'Reilly Media, Inc.},
	Title = {Building Microservices Designing Fine-Grained Systems},
	Year = {2015}}

@book{Sommerville0401,
	Author = {Ian Sommerville},
	Date-Added = {2015-07-23 14:03:43 +0000},
	Date-Modified = {2015-07-23 14:05:41 +0000},
	Publisher = {Pearson Education},
	Title = {Software Engineering: Seventh Edition},
	Year = {2004}}

@electronic{Northrop1501,
	Author = {Linda Northrop},
	Date-Added = {2015-07-23 11:51:12 +0000},
	Date-Modified = {2015-07-23 11:55:12 +0000},
	Institution = {Carnegie Mellon University},
	Title = {Trends and New Directions in Software Architecture},
	Url = {http://resources.sei.cmu.edu/asset_files/Webinar/2015_018_100_438676.pdf},
	Year = {2015},
	Bdsk-Url-1 = {http://resources.sei.cmu.edu/asset_files/Webinar/2015_018_100_438676.pdf}}

@electronic{Miyachi01,
	Author = {Christine Miyachi},
	Date-Added = {2015-07-22 11:15:44 +0000},
	Date-Modified = {2015-07-22 14:30:38 +0000},
	Keywords = {Software Architecture},
	Title = {How Software Architecture Learns},
	Url = {http://www.methodsandtools.com/archive/softwarearchitecturelearning.php},
	Bdsk-Url-1 = {http://www.methodsandtools.com/archive/softwarearchitecturelearning.php}}

@electronic{elsevier0901,
	Author = {Byron J. Williams, Jeffrey C. Carver},
	Date-Added = {2015-07-22 09:43:40 +0000},
	Date-Modified = {2015-07-22 14:31:47 +0000},
	Journal = {ELSEVIER},
	Keywords = {Software Architecture},
	Month = {July},
	Number = {32,33},
	Title = {Characterizing Software Architecture Changes: A Systematic Review},
	Url = {http://www.ic.unicamp.br/~wainer/outros/systrev/10.pdf},
	Year = {2009},
	Bdsk-File-1 = {YnBsaXN0MDDUAQIDBAUGJCVYJHZlcnNpb25YJG9iamVjdHNZJGFyY2hpdmVyVCR0b3ASAAGGoKgHCBMUFRYaIVUkbnVsbNMJCgsMDxJXTlMua2V5c1pOUy5vYmplY3RzViRjbGFzc6INDoACgAOiEBGABIAFgAdccmVsYXRpdmVQYXRoWWFsaWFzRGF0YV8QGC4uLy4uL21pbmUvdGhlc2lzLzEwLnBkZtIXCxgZV05TLmRhdGFPEQFmAAAAAAFmAAIAAAxNYWNpbnRvc2ggSEQAAAAAAAAAAAAAAAAAAADQm4Y5SCsAAAD2J0EGMTAucGRmAAAAAAAAAAAAAAAAAAAAAAAAAAAAAAAAAAAAAAAAAAAAAAAAAAAAAAAAAAAAAAAAAAAAAAAAAAAAASYDYdHVNNsAAAAAAAAAAAACAAMAAAkgAAAAAAAAAAAAAAAAAAAABnRoZXNpcwAQAAgAANCbeCkAAAARAAgAANHVGLsAAAABABAA9idBAHKfSAAH2loAApOiAAIAMU1hY2ludG9zaCBIRDpVc2VyczoAZDA2MzM5ODoAbWluZToAdGhlc2lzOgAxMC5wZGYAAA4ADgAGADEAMAAuAHAAZABmAA8AGgAMAE0AYQBjAGkAbgB0AG8AcwBoACAASABEABIAIFVzZXJzL2QwNjMzOTgvbWluZS90aGVzaXMvMTAucGRmABMAAS8AABUAAgAO//8AAIAG0hscHR5aJGNsYXNzbmFtZVgkY2xhc3Nlc11OU011dGFibGVEYXRhox0fIFZOU0RhdGFYTlNPYmplY3TSGxwiI1xOU0RpY3Rpb25hcnmiIiBfEA9OU0tleWVkQXJjaGl2ZXLRJidUcm9vdIABAAgAEQAaACMALQAyADcAQABGAE0AVQBgAGcAagBsAG4AcQBzAHUAdwCEAI4AqQCuALYCIAIiAicCMgI7AkkCTQJUAl0CYgJvAnIChAKHAowAAAAAAAACAQAAAAAAAAAoAAAAAAAAAAAAAAAAAAACjg==}}

@electronic{Chappell01,
	Author = {David Chappell},
	Date-Added = {2015-07-21 14:47:57 +0000},
	Date-Modified = {2015-07-22 14:31:30 +0000},
	Journal = {David Chappell & Associates},
	Keywords = {Software Architecture},
	Title = {THE THREE ASPECTS OF SOFTWARE QUALITY: FUNCTIONAL, STRUCTURAL, AND PROCESS},
	Year = {n.p},
	Bdsk-File-1 = {YnBsaXN0MDDUAQIDBAUGJCVYJHZlcnNpb25YJG9iamVjdHNZJGFyY2hpdmVyVCR0b3ASAAGGoKgHCBMUFRYaIVUkbnVsbNMJCgsMDxJXTlMua2V5c1pOUy5vYmplY3RzViRjbGFzc6INDoACgAOiEBGABIAFgAdccmVsYXRpdmVQYXRoWWFsaWFzRGF0YV8QSS4uLy4uL21pbmUvdGhlc2lzL1RoZV9UaHJlZV9Bc3BlY3RzX29mX1NvZnR3YXJlX1F1YWxpdHlfdjEuMC1DaGFwcGVsbC5wZGbSFwsYGVdOUy5kYXRhTxECEgAAAAACEgACAAAMTWFjaW50b3NoIEhEAAAAAAAAAAAAAAAAAAAA0JuGOUgrAAAA9idBH1RoZV9UaHJlZV9Bc3BlY3RzX28jMTI1NjFEQy5wZGYAAAAAAAAAAAAAAAAAAAAAAAAAAAAAAAAAAAAAAAAAAAElYdzR1CkbAAAAAAAAAAAAAgADAAAJIAAAAAAAAAAAAAAAAAAAAAZ0aGVzaXMAEAAIAADQm3gpAAAAEQAIAADR1Az7AAAAAQAQAPYnQQByn0gAB9paAAKTogACAEpNYWNpbnRvc2ggSEQ6VXNlcnM6AGQwNjMzOTg6AG1pbmU6AHRoZXNpczoAVGhlX1RocmVlX0FzcGVjdHNfbyMxMjU2MURDLnBkZgAOAHAANwBUAGgAZQBfAFQAaAByAGUAZQBfAEEAcwBwAGUAYwB0AHMAXwBvAGYAXwBTAG8AZgB0AHcAYQByAGUAXwBRAHUAYQBsAGkAdAB5AF8AdgAxAC4AMAAtAEMAaABhAHAAcABlAGwAbAAuAHAAZABmAA8AGgAMAE0AYQBjAGkAbgB0AG8AcwBoACAASABEABIAUVVzZXJzL2QwNjMzOTgvbWluZS90aGVzaXMvVGhlX1RocmVlX0FzcGVjdHNfb2ZfU29mdHdhcmVfUXVhbGl0eV92MS4wLUNoYXBwZWxsLnBkZgAAEwABLwAAFQACAA7//wAAgAbSGxwdHlokY2xhc3NuYW1lWCRjbGFzc2VzXU5TTXV0YWJsZURhdGGjHR8gVk5TRGF0YVhOU09iamVjdNIbHCIjXE5TRGljdGlvbmFyeaIiIF8QD05TS2V5ZWRBcmNoaXZlctEmJ1Ryb290gAEACAARABoAIwAtADIANwBAAEYATQBVAGAAZwBqAGwAbgBxAHMAdQB3AIQAjgDaAN8A5wL9Av8DBAMPAxgDJgMqAzEDOgM/A0wDTwNhA2QDaQAAAAAAAAIBAAAAAAAAACgAAAAAAAAAAAAAAAAAAANr}}

@book{Wesley0301,
	Author = {Len Bass, Paul Clements, Rick Kazman},
	Date-Added = {2015-07-21 13:38:55 +0000},
	Date-Modified = {2015-07-31 08:06:21 +0000},
	Edition = {2nd},
	Keywords = {Software Architecture},
	Publisher = {Addison Wesley Professional},
	Title = {Software Architecture in Practice},
	Volume = {4},
	Year = {2003},
	Bdsk-File-1 = {YnBsaXN0MDDUAQIDBAUGJCVYJHZlcnNpb25YJG9iamVjdHNZJGFyY2hpdmVyVCR0b3ASAAGGoKgHCBMUFRYaIVUkbnVsbNMJCgsMDxJXTlMua2V5c1pOUy5vYmplY3RzViRjbGFzc6INDoACgAOiEBGABIAFgAdccmVsYXRpdmVQYXRoWWFsaWFzRGF0YV8QXi4uLy4uL21pbmUvdGhlc2lzL0FkZGlzb24gV2VzbGV5IC0gU29mdHdhcmUgQXJjaGl0ZWN0dXJlIEluIFByYWN0aWNlIDJOZCBFZGl0aW9uIEVib29rLUxpYi5wZGbSFwsYGVdOUy5kYXRhTxECUAAAAAACUAACAAAMTWFjaW50b3NoIEhEAAAAAAAAAAAAAAAAAAAA0JuGOUgrAAAA9idBH0FkZGlzb24gV2VzbGV5IC0gU28jMTI1M0Q0My5wZGYAAAAAAAAAAAAAAAAAAAAAAAAAAAAAAAAAAAAAAAAAAAElPUPR1Bh0AAAAAAAAAAAAAgADAAAJIAAAAAAAAAAAAAAAAAAAAAZ0aGVzaXMAEAAIAADQm3gpAAAAEQAIAADR0/xUAAAAAQAQAPYnQQByn0gAB9paAAKTogACAEpNYWNpbnRvc2ggSEQ6VXNlcnM6AGQwNjMzOTg6AG1pbmU6AHRoZXNpczoAQWRkaXNvbiBXZXNsZXkgLSBTbyMxMjUzRDQzLnBkZgAOAJoATABBAGQAZABpAHMAbwBuACAAVwBlAHMAbABlAHkAIAAtACAAUwBvAGYAdAB3AGEAcgBlACAAQQByAGMAaABpAHQAZQBjAHQAdQByAGUAIABJAG4AIABQAHIAYQBjAHQAaQBjAGUAIAAyAE4AZAAgAEUAZABpAHQAaQBvAG4AIABFAGIAbwBvAGsALQBMAGkAYgAuAHAAZABmAA8AGgAMAE0AYQBjAGkAbgB0AG8AcwBoACAASABEABIAZlVzZXJzL2QwNjMzOTgvbWluZS90aGVzaXMvQWRkaXNvbiBXZXNsZXkgLSBTb2Z0d2FyZSBBcmNoaXRlY3R1cmUgSW4gUHJhY3RpY2UgMk5kIEVkaXRpb24gRWJvb2stTGliLnBkZgATAAEvAAAVAAIADv//AACABtIbHB0eWiRjbGFzc25hbWVYJGNsYXNzZXNdTlNNdXRhYmxlRGF0YaMdHyBWTlNEYXRhWE5TT2JqZWN00hscIiNcTlNEaWN0aW9uYXJ5oiIgXxAPTlNLZXllZEFyY2hpdmVy0SYnVHJvb3SAAQAIABEAGgAjAC0AMgA3AEAARgBNAFUAYABnAGoAbABuAHEAcwB1AHcAhACOAO8A9AD8A1ADUgNXA2IDawN5A30DhAONA5IDnwOiA7QDtwO8AAAAAAAAAgEAAAAAAAAAKAAAAAAAAAAAAAAAAAAAA74=}}

@electronic{microsoft1501,
	Author = {Microsoft},
	Date-Added = {2015-07-21 12:24:01 +0000},
	Date-Modified = {2015-07-22 14:30:55 +0000},
	Keywords = {Software Architecture},
	Lastchecked = {21 July 2015},
	Title = {Software Architecture and Design},
	Url = {https://msdn.microsoft.com/en-us/library/ee658098.aspx},
	Bdsk-Url-1 = {https://msdn.microsoft.com/en-us/library/ee658098.aspx}}
